<?xml version="1.0" encoding="UTF-8"?><collection xmlns="http://www.loc.gov/MARC21/slim"><record><leader>00646nam--2200181-i-4500</leader><controlfield tag="001">000000160</controlfield><controlfield tag="002">20161230</controlfield><controlfield tag="005">20170102171327</controlfield><controlfield tag="008">060222s1000------------r-----000-0-eng-d</controlfield><datafield ind1=" " ind2=" " tag="040"><subfield code="a">IFIN-HH</subfield></datafield><datafield ind1=" " ind2=" " tag="080"><subfield code="a">539.12.04:614.876</subfield></datafield><datafield ind1="1" ind2=" " tag="100"><subfield code="a">Fry, R. J. M</subfield></datafield><datafield ind1="1" ind2="0" tag="245"><subfield code="a">Late effects of radiation</subfield><subfield code="b">Proceedings of the colloquium held at the center for continuing educaton, the University of Chicago, Illinois, May 1969</subfield><subfield code="c">R.J.M. Fry, Douglas Grahn, Melvin l. Griem, John H. Rust (eds.)</subfield></datafield><datafield ind1=" " ind2=" " tag="260"><subfield code="a">London</subfield><subfield code="b">Taylor &amp; Francis Ltd</subfield><subfield code="c">1970</subfield></datafield><datafield ind1=" " ind2=" " tag="300"><subfield code="a">IX + 298 P</subfield></datafield><datafield ind1="1" ind2=" " tag="700"><subfield code="a">Rust, John H</subfield><subfield code="e">Ed</subfield></datafield><datafield ind1=" " ind2=" " tag="852"><subfield code="a">35766</subfield><subfield code="c">539.12.04</subfield></datafield><datafield ind1=" " ind2=" " tag="CAT"><subfield code="a">SYS</subfield><subfield code="c">20170102</subfield><subfield code="h">171327</subfield></datafield></record></collection>